<?xml version="1.0" encoding="UTF-8"?>
<collection xmlns="http://www.loc.gov/MARC21/slim">
    <record type="Bibliographic">
        <leader> cas a22 4 4500</leader>
        <controlfield tag="001">000424307</controlfield>
        <controlfield tag="003">CHVBK</controlfield>
        <controlfield tag="005">20170729061608.0</controlfield>
        <controlfield tag="008">070828c20079999sz p 0 |ger </controlfield>
        <datafield tag="035" ind1=" " ind2=" ">
            <subfield code="a">(OCoLC)612482989</subfield>
        </datafield>
        <datafield tag="035" ind1=" " ind2=" ">
            <subfield code="a">(ABN)000331378</subfield>
        </datafield>
        <datafield tag="040" ind1=" " ind2=" ">
            <subfield code="a">SzZuIDS BS/BE A100</subfield>
            <subfield code="d">CH-AaAKB</subfield>
        </datafield>
        <datafield tag="245" ind1="0" ind2="0">
            <subfield code="a">Jahresbericht</subfield>
            <subfield code="b">Dokumentationen und Funde</subfield>
            <subfield code="c">Archäologie Baselland</subfield>
        </datafield>
        <datafield tag="260" ind1=" " ind2=" ">
            <subfield code="a">Liestal</subfield>
            <subfield code="b">Archäologie Baselland</subfield>
        </datafield>
        <datafield tag="362" ind1="0" ind2=" ">
            <subfield code="a">2006-</subfield>
        </datafield>
        <datafield tag="710" ind1="1" ind2=" ">
            <subfield code="a">Archäologie Baselland (Liestal)</subfield>
        </datafield>
        <datafield tag="730" ind1="0" ind2=" ">
            <subfield code="a">Jahresbericht / Archäologie Baselland</subfield>
        </datafield>
        <datafield tag="780" ind1=" " ind2="2">
            <subfield code="t">Jahresbericht / Kantonsmuseum Baselland</subfield>
            <subfield code="w">(ABN)000288629</subfield>
            <subfield code="9">260840076</subfield>
        </datafield>
        <datafield tag="852" ind1="4" ind2=" ">
            <subfield code="B">ABN</subfield>
            <subfield code="C">ABN51</subfield>
            <subfield code="D">ABN01</subfield>
            <subfield code="E">000331378</subfield>
            <subfield code="F">KAB</subfield>
            <subfield code="b">KAB</subfield>
            <subfield code="c">KABPR</subfield>
            <subfield code="j">KAB 5 / Zs.123</subfield>
            <subfield code="a">2006(2007)-</subfield>
        </datafield>
        <datafield tag="856" ind1=" " ind2=" ">
            <subfield code="u">http://www.archaeologie.bl.ch/Pages/jahresbericht.html</subfield>
            <subfield code="z">Onlne-Zugriff</subfield>
        </datafield>
        <datafield tag="898" ind1=" " ind2=" ">
            <subfield code="a">CR030600</subfield>
            <subfield code="b">XR030000</subfield>
            <subfield code="c">XR030000</subfield>
        </datafield>
        <datafield tag="908" ind1=" " ind2=" ">
            <subfield code="D">1</subfield>
            <subfield code="b">Zeitschrift = Revue</subfield>
        </datafield>
        <datafield tag="950" ind1=" " ind2=" ">
            <subfield code="B">ABN</subfield>
            <subfield code="P">710</subfield>
            <subfield code="E">1-</subfield>
            <subfield code="a">Archäologie Baselland (Liestal)</subfield>
        </datafield>
        <datafield tag="950" ind1=" " ind2=" ">
            <subfield code="B">ABN</subfield>
            <subfield code="P">730</subfield>
            <subfield code="E">--</subfield>
            <subfield code="a">Jahresbericht / Archäologie Baselland</subfield>
        </datafield>
        <datafield tag="950" ind1=" " ind2=" ">
            <subfield code="B">ABN</subfield>
            <subfield code="P">780</subfield>
            <subfield code="E">-2</subfield>
            <subfield code="t">Jahresbericht / Kantonsmuseum Baselland</subfield>
            <subfield code="w">(ABN)000288629</subfield>
            <subfield code="9">260840076</subfield>
        </datafield>
        <datafield tag="950" ind1=" " ind2=" ">
            <subfield code="B">ABN</subfield>
            <subfield code="P">856</subfield>
            <subfield code="E">--</subfield>
            <subfield code="u">http://www.archaeologie.bl.ch/Pages/jahresbericht.html</subfield>
            <subfield code="z">Onlne-Zugriff</subfield>
        </datafield>
        <datafield tag="986" ind1=" " ind2=" ">
            <subfield code="a">SWISSBIB</subfield>
            <subfield code="b">000424307</subfield>
        </datafield>
    </record>